@article{exum2018extreme,
  title={Extreme precipitation, public health emergencies, and safe drinking water in the USA},
  author={Exum, Natalie G and Betanzo, Elin and Schwab, Kellogg J and Chen, Thomas YJ and Guikema, Seth and Harvey, David E},
  journal={Current environmental health reports},
  volume={5},
  number={2},
  pages={305--315},
  year={2018},
  publisher={Springer}
}